@article{Chen76,
    author = {Peter Pin-shan Chen},
    title = {The Entity-Relationship Model: Toward a Unified View of Data},
    journal = {ACM Transactions on Database Systems},
    year = {1976},
    volume = {1},
    pages = {9--36}
}

@Book{ASP,
  author =	 "M. Gebser and R. Kaminski and B. Kaufmann and
                  T. Schaub",
  title =	 "Answer Set Solving in Practice",
  publisher =	 "Morgan and Claypool Publishers",
  year =	 2012,
  series =	 "Synthesis Lectures on Artificial Intelligence and
                  Machine Learning"
}